@article{solomon1967Hurwitz,
  author    = {Solomon Hurwitz},
  title     = {On the Rational Solutions of $m^n = n^m$ with $m \neq n$},
  journal   = {The American Mathematical Monthly},
  volume    = {74},
  number    = {3},
  pages     = {298--300},
  year      = {1967},
  publisher = {Taylor \& Francis, Ltd. on behalf of the Mathematical Association of America},
  doi       = {10.2307/2316032},
  url       = {https://doi.org/10.2307/2316032}
}
@article{sato1972algebraic,
  author    = {Daihachiro Sato},
  title     = {Algebraic Solution of $x^y = y^x$ ($0 < x < y$)},
  journal   = {Proceedings of the American Mathematical Society},
  volume    = {31},
  number    = {1},
  pages     = {316--316},
  year      = {1972},
  publisher = {American Mathematical Society},
  doi       = {10.1090/S0002-9939-1972-0288074-5},
  url       = {https://doi.org/10.1090/S0002-9939-1972-0288074-5}
}
@misc{bennett2002reznick,
      title={Positive rational solutions to $x^y = y^{mx}$: a number-theoretic excursion}, 
      author={Michael A. Bennett and Bruce Reznick},
      year={2002},
      eprint={math/0209072},
      archivePrefix={arXiv},
      primaryClass={math.NT},
      url={https://arxiv.org/abs/math/0209072}, 
}
}
@article{alvin1961hausner,
  author    = {Alvin Hausner},
  title     = {Algebraic Number Fields and the Diophantine Equation $m^n = n^m$},
  journal   = {The American Mathematical Monthly},
  volume    = {68},
  number    = {9},
  pages     = {856--861},
  year      = {1961},
  publisher = {Taylor \& Francis, Ltd. on behalf of the Mathematical Association of America},
  doi       = {10.2307/2311682},
  url       = {https://doi.org/10.2307/2311682}
}
