@article{demaine2012picture,
  author    = {Erik D. Demaine and Martin L. Demaine and Yair N. Minsky and Joseph S. B. Mitchell and Ronald L. Rivest and Mihai Patrascu},
  title     = {Picture-Hanging Puzzles},
  journal   = {Theory of Computing Systems},
  volume    = {54},
  number    = {4},
  pages     = {531--550},
  year      = {2014},
  doi       = {10.1007/s00224-013-9501-0},
  url       = {https://arxiv.org/abs/1203.3602},
  archivePrefix = {arXiv},
  eprint    = {1203.3602},
  primaryClass = {cs.DS},
  note      = {Journal version of FUN 2012 paper}
}


@misc{wastlund2021faulty,
  author = {Johan W{\"a}stlund},
  title = {Faulty picture-hanging improved},
  year = {2021},
  eprint = {2102.00984},
  archivePrefix = {arXiv},
  primaryClass = {cs.DM},
  doi = {10.48550/arXiv.2102.00984},
  url = {https://arxiv.org/pdf/2102.00984}
}
