@misc{lietz2024infinite,
  author       = {Andreas Lietz and Jeroen Winkel},
  title        = {Infinite Hat Problems and Large Cardinals},
  howpublished = {\url{https://arxiv.org/abs/2411.06002}},
  note         = {arXiv:2411.06002 [math.LO]},
  year         = {2024},
  month        = {November},
  doi          = {10.48550/arXiv.2411.06002}
}

@book{hardin2013mathematics,
  author    = {Hardin, Clyde and Taylor, Allen},
  title     = {The Mathematics of Coordinated Inference: A Study of Generalized Hat Problems},
  year      = {2013},
  publisher = {Springer},
}